%% start of file `publications.bib'.
%% Copyright 2006-2012 Xavier Danaux (xdanaux at gmail.com).
%
% This work may be distributed and/or modified under the
% conditions of the LaTeX Project Public License version 1.3c,
% available at http://www.latex-project.org/lppl/.


@proceedings{ proceedings1,
editor = {Rubbo, Francesco},
title = {The Design and Performance of the {ATLAS} jet trigger},
series = {EPJ Web of Conferences},
year = 2013,
volume = 60,
pages = "20053",
}


@proceedings{ proceedings2,
editor = {Rubbo, Francesco},
title = {Top quark pair properties: spin correlation, charge asymmetry and complex final states at {LHC} in {ATLAS}},
series = {EPJ Web of Conferences},
year = 2013,
volume = 60,
pages = "16013",
}


@confnote{confnote1,
  author = {The ATLAS Collaboration},
  title = {Measurement of the top quark pair production charge asymmetry in proton-proton collisions at $\sqrt{s}=7$ {TeV} using the {ATLAS} detector},
  howpublished = {ATLAS-CONF-2013-078},
  year = {2013},
}

@confnote{confnote2,
  author = {The ATLAS Collaboration},
  title = {Combination of ATLAS and CMS $t\bar{t}$ charge asymmetry
                       measurements using LHC proton-proton collisions at
                       $\sqrt{s}=7$ TeV},
  howpublished = {ATLAS-CONF-2014-012},
  year = {2014},
}

@article{article1,
      author         = {The ATLAS Collaboration},
      title          = {Measurement of the charge asymmetry in top quark pair production in pp collisions at $\sqrt{s}=7$ {TeV} using the {ATLAS} detector},
      journal        = {Eur.Phys.J.},
      volume         = {C72},
      pages          = {2039},
      year           = {2012},
}

@article{article2,
      author         = {{J.A. Aguilar-Saavedra, A. Juste and F. Rubbo}},
      title          = {Boosting the $t\bar{t}$ charge asymmetry},
      journal        = {Phys.Lett.},
      volume         = {B707},
      pages          = {92-98},
      year           = {2012},
}

@article{article3,
      author         = {The ATLAS Collaboration},
      title          = {Measurement of the top quark pair production charge
                        asymmetry in proton-proton collisions at 7 {TeV} using the
                        {ATLAS} detector},
      eprint         = "1311.6724",
      archivePrefix  = "arXiv",
      primaryClass   = "hep-ex",
      journal        = "JHEP",
      volume         = "1402",
      pages          = "107",
      doi            = "10.1007/JHEP02(2014)107",
      year           = "2014",
      reportNumber   = "CERN-PH-EP-2013-177",
}

@article{article4,
      author         = "Aguilar-Saavedra, J.A. and Alvarez, E. and Juste, A. and
                        Rubbo, F.",
      title          = "{Shedding light on the $t \bar t$ asymmetry: the photon
                        handle}",
      year           = "2014",
      eprint         = "1402.3598",
      archivePrefix  = "arXiv",
      primaryClass   = "hep-ph",
      journal        = {{Accepted by JHEP}},
      SLACcitation   = "%%CITATION = ARXIV:1402.3598;%%",
}

%% end of file `publications.bib'.
